<record xmlns:xsi="http://www.w3.org/2001/XMLSchema-instance" xmlns="http://www.loc.gov/MARC21/slim" xsi:schemaLocation="http://www.loc.gov/MARC21/slim http://www.loc.gov/standards/marcxml/schema/MARC21slim.xsd">

  <leader>00490nam a2200169Ia 4500</leader>
  <controlfield tag="008">150427b1996    cl ||||| |||| 00| 0 spa d</controlfield>
  <datafield ind1=" " tag="022" ind2=" ">
    <subfield code="a">0717-2710</subfield>
  </datafield>
  <datafield ind1=" " tag="090" ind2=" ">
    <subfield code="a">06.03.06</subfield>
    <subfield code="b">1911</subfield>
  </datafield>
  <datafield ind2="0" tag="245" ind1="1">
    <subfield code="a">Foro educacional</subfield>
  </datafield>
  <datafield tag="260" ind1=" " ind2=" ">
    <subfield code="a">Santiago, Chile : </subfield>
    <subfield code="b">Universidad Católica Blas Cañas, </subfield>
    <subfield code="c">1996</subfield>
  </datafield>
  <datafield tag="300" ind1=" " ind2=" ">
    <subfield code="a">volúmenes</subfield>
  </datafield>
  <datafield ind2=" " ind1=" " tag="500">
    <subfield code="a">La Unidad posee Vol.1, Vol.2</subfield>
  </datafield>
  <datafield tag="650" ind1="1" ind2="4">
    <subfield code="9">8</subfield>
    <subfield code="a">EDUCACIÓN SUPERIOR</subfield>
  </datafield>
  <datafield ind1="1" tag="650" ind2="4">
    <subfield code="a">REFORMA DE LA EDUCACIÓN</subfield>
    <subfield code="9">7</subfield>
  </datafield>
  <datafield ind2="4" tag="650" ind1="1">
    <subfield code="a">PUBLICACIONES PERIÓDICAS</subfield>
    <subfield code="9">3</subfield>
  </datafield>
  <datafield ind2=" " tag="942" ind1=" ">
    <subfield code="2">z</subfield>
    <subfield code="c">03</subfield>
  </datafield>
  <datafield tag="999" ind1=" " ind2=" ">
    <subfield code="c">4</subfield>
    <subfield code="d">4</subfield>
  </datafield>
</record>